@Article{Ho_2014,
  author = {Lam Si Tung Ho and Cecile Ane},
  title = {A linear-time algorithm for Gaussian and non-Gaussian trait evolution models},
  year = {2014},
  journal = {Systematic Biology},
  volume = {63},
  pages = {397-408},
}

@Article{Kumar_2017,
  doi = {10.1093/molbev/msx116},
  url = {https://doi.org/10.1093/molbev/msx116},
  year = {2017},
  month = {apr},
  publisher = {Oxford University Press ({OUP})},
  volume = {34},
  number = {7},
  pages = {1812--1819},
  author = {Sudhir Kumar and Glen Stecher and Michael Suleski and S. Blair Hedges},
  title = {{TimeTree}: A Resource for Timelines, Timetrees, and Divergence Times},
  journal = {Molecular Biology and Evolution},
}

@Article{Paradis_2004,
  title = {A{PE}: analyses of phylogenetics and evolution in {R} language},
  author = {E. Paradis and J. Claude and K. Strimmer},
  journal = {Bioinformatics},
  year = {2004},
  volume = {20},
  pages = {289-290},
}

@Article{Zheng_2009,
  title = {New multivariate tests for phylogenetic signal and trait correlations applied to ecophysiological phenotypes of nine Manglietia
 species},
  volume = {23},
  issn = {0269-8463},
  url = {http://dx.doi.org/10.1111/j.1365-2435.2009.01596.x},
  doi = {10.1111/j.1365-2435.2009.01596.x},
  number = {6},
  journal = {Functional Ecology},
  publisher = {Wiley-Blackwell},
  author = {Li Zheng and Anthony R. Ives and Theodore Garland and Bret R. Larget and Yang Yu and Kunfang Cao},
  year = {2009},
  month = {Jun},
  pages = {1059â€“1069},
}
