@article{Nell:2016cg,
author = {Nell, Lucas A and Frederick, Peter C and Mazzotti, Frank J and Vliet, Kent A and Brandt, Laura A},
title = {{Presence of breeding birds improves body condition for a crocodilian nest protector}},
journal = {PLOS ONE},
year = {2016},
volume = {11},
number = {3},
pages = {e0149572},
month = mar
}

@article{KahlJr:1964ju,
author = {Kahl Jr, M Philip},
title = {{Food ecology of the wood stork (\emph{Mycteria americana}) in Florida}},
journal = {Ecological Monographs},
year = {1964},
volume = {34},
number = {2},
pages = {97--117}
}