@article{brun2014,
  title={High paracellular nutrient absorption in intact bats is associated with high paracellular permeability in perfused intestinal segments},
  author={Brun, Antonio and Price, Edwin R and Gontero-Fourcade, Manuel N and Fernandez-Marinone, Guido and Cruz-Neto, Ariovaldo P and Karasov, William H and Caviedes-Vidal, Enrique},
  journal={Journal of Experimental Biology},
  volume={217},
  number={18},
  pages={3311--3317},
  year={2014},
  publisher={The Company of Biologists Ltd}
}

@article{caviedes2007,
  title={The digestive adaptation of flying vertebrates: high intestinal paracellular absorption compensates for smaller guts},
  author={Caviedes-Vidal, Enrique and McWhorter, Todd J and Lavin, Shana R and Chediack, Juan G and Tracy, Christopher R and Karasov, William H},
  journal={Proceedings of the National Academy of Sciences},
  volume={104},
  number={48},
  pages={19132--19137},
  year={2007},
  publisher={National Acad Sciences}
}

@article{fasulo2013a,
  title={Paracellular absorption in laboratory mice: Molecule size-dependent but low capacity},
  author={Fasulo, Ver{\'o}nica and Zhang, ZhiQiang and Price, Edwin R and Chediack, Juan G and Karasov, William H and Caviedes-Vidal, Enrique},
  journal={Comparative Biochemistry and Physiology Part A: Molecular \& Integrative Physiology},
  volume={164},
  number={1},
  pages={71--76},
  year={2013},
  publisher={Elsevier}
}

@article{fasulo2013b,
  title={The capacity for paracellular absorption in the insectivorous bat Tadarida brasiliensis},
  author={Fasulo, Ver{\'o}nica and Zhang, ZhiQiang and Chediack, Juan G and Cid, Fabricio D and Karasov, William H and Caviedes-Vidal, Enrique},
  journal={Journal of Comparative Physiology B},
  volume={183},
  number={2},
  pages={289--296},
  year={2013},
  publisher={Springer}
}

@article{hamilton1987,
  title={Permeability of the rat small intestine to carbohydrate probe molecules},
  author={Hamilton, I and Rothwell, J and Archer, D and Axon, ATR},
  journal={Clinical science},
  volume={73},
  number={2},
  pages={189--196},
  year={1987},
  publisher={Portland Press Limited}
}

@article{karasov2012,
  title={Capacity for absorption of water-soluble secondary metabolites greater in birds than in rodents},
  author={Karasov, William H and Caviedes-Vidal, Enrique and Bakken, Bradley Hartman and Izhaki, Ido and Samuni-Blank, Michal and Arad, Zeev},
  journal={PLoS One},
  volume={7},
  number={2},
  pages={e32417},
  year={2012},
  publisher={Public Library of Science}
}

@article{lavin2007,
  title={Mechanistic bases for differences in passive absorption},
  author={Lavin, Shana R and McWhorter, Todd J and Karasov, William H},
  journal={Journal of Experimental Biology},
  volume={210},
  number={15},
  pages={2754--2764},
  year={2007},
  publisher={The Company of Biologists Ltd}
}

@article{pappenheimer1951,
  title={Filtration, diffusion and molecular sieving through peripheral capillary membranes: a contribution to the pore theory of capillary permeability},
  author={Pappenheimer, JR and Renkin, EM and Borrero, LM},
  journal={American Journal of Physiology-Legacy Content},
  volume={167},
  number={1},
  pages={13--46},
  year={1951},
  publisher={American Physiological Society}
}

@article{price2013,
title = {Intestinal perfusion indicates high reliance on paracellular nutrient absorption in an insectivorous bat Tadarida brasiliensis},
journal = {Comparative Biochemistry and Physiology Part A: Molecular \& Integrative Physiology},
volume = {164},
number = {2},
pages = {351 - 355},
year = {2013},
issn = {1095-6433},
doi = {https://doi.org/10.1016/j.cbpa.2012.11.005},
url = {http://www.sciencedirect.com/science/article/pii/S1095643312005016},
author = {Edwin R. Price and Antonio Brun and Verónica Fasulo and William H. Karasov and Enrique Caviedes-Vidal}
}

@article{price2014,
	author = {Price, Edwin R. and Rott, Katherine H. and Caviedes-Vidal, Enrique and Karasov, William H.},
	title = {Paracellular nutrient absorption is higher in bats than rodents: integrating from intact animals to the molecular level},
	volume = {217},
	number = {19},
	pages = {3483--3492},
	year = {2014},
	doi = {10.1242/jeb.105619},
	publisher = {The Company of Biologists Ltd},
	issn = {0022-0949},
	URL = {http://jeb.biologists.org/content/217/19/3483},
	eprint = {http://jeb.biologists.org/content/217/19/3483.full.pdf},
	journal = {Journal of Experimental Biology}
}

@article{price2015,
author = {Price, Edwin R. and Brun, Antonio and Gontero-Fourcade, Manuel and Fernández-Marinone, Guido and Cruz-Neto, Ariovaldo P. and Karasov, William H. and Caviedes-Vidal, Enrique},
title = {Intestinal Water Absorption Varies with Expected Dietary Water Load among Bats but Does Not Drive Paracellular Nutrient Absorption},
journal = {Physiological and Biochemical Zoology},
volume = {88},
number = {6},
pages = {680-684},
year = {2015},
doi = {10.1086/683114}
}


@article{price2016,
title = {Claudin gene expression patterns do not associate with interspecific differences in paracellular nutrient absorption},
journal = {Comparative Biochemistry and Physiology Part B: Biochemistry and Molecular Biology},
volume = {191},
pages = {36 - 45},
year = {2016},
issn = {1096-4959},
doi = {https://doi.org/10.1016/j.cbpb.2015.09.003},
url = {http://www.sciencedirect.com/science/article/pii/S1096495915001621},
author = {Edwin R. Price and Katherine H. Rott and Enrique Caviedes-Vidal and William H. Karasov}
}

@article{rodriguez2016,
	author = {Rodriguez-Pe{\~n}a, Nelly and Price, Edwin R. and Caviedes-Vidal, Enrique and Flores-Ortiz, Cesar M. and Karasov, William H.},
	title = {Intestinal paracellular absorption is necessary to support the sugar oxidation cascade in nectarivorous bats},
	volume = {219},
	number = {6},
	pages = {779--782},
	year = {2016},
	doi = {10.1242/jeb.133462},
	publisher = {The Company of Biologists Ltd},
	issn = {0022-0949},
	URL = {http://jeb.biologists.org/content/219/6/779},
	eprint = {http://jeb.biologists.org/content/219/6/779.full.pdf},
	journal = {Journal of Experimental Biology}
}


@article{schultz1961,
	author = {Schultz, Stanley G. and Solomon, A. K.},
	title = {Determination of the Effective Hydrodynamic Radii of Small Molecules by Viscometry},
	volume = {44},
	number = {6},
	pages = {1189--1199},
	year = {1961},
	doi = {10.1085/jgp.44.6.1189},
	publisher = {Rockefeller University Press},
	issn = {0022-1295},
	URL = {http://jgp.rupress.org/content/44/6/1189},
	eprint = {http://jgp.rupress.org/content/44/6/1189.full.pdf},
	journal = {The Journal of General Physiology}
}


@article{tracy2007,
	author = {Tracy, Christopher R. and McWhorter, Todd J. and Korine, Carmi and Wojciechowski, Michal S. and Pinshow, Berry and Karasov, William H.},
	title = {Absorption of sugars in the Egyptian fruit bat (Rousettus aegyptiacus): a paradox explained},
	volume = {210},
	number = {10},
	pages = {1726--1734},
	year = {2007},
	doi = {10.1242/jeb.02766},
	publisher = {The Company of Biologists Ltd},
	issn = {0022-0949},
	URL = {http://jeb.biologists.org/content/210/10/1726},
	eprint = {http://jeb.biologists.org/content/210/10/1726.full.pdf},
	journal = {Journal of Experimental Biology}
}
